<record xmlns="http://www.loc.gov/MARC21/slim" xmlns:xsi="http://www.w3.org/2001/XMLSchema-instance" xsi:schemaLocation="http://www.loc.gov/MARC21/slim http://www.loc.gov/standards/marcxml/schema/MARC21slim.xsd"><leader>00037nz   2200037n  4500</leader><controlfield tag="001">DNB|102377839</controlfield><controlfield tag="003">DNB</controlfield><controlfield tag="005">19960808163851.0</controlfield><controlfield tag="008">930416|||az|nnaa|||||||||||| a|aaa|||| d</controlfield><datafield ind1="7" ind2=" " tag="016"><subfield code="a">102377839</subfield><subfield code="2">GyFmDB</subfield></datafield><datafield ind1=" " ind2=" " tag="040"><subfield code="a">0000</subfield><subfield code="b">ger</subfield><subfield code="d">9999</subfield><subfield code="f">RAK-PND</subfield></datafield><datafield ind1="1" ind2=" " tag="045"><subfield code="b">d5. Jh. n. Chr.</subfield></datafield><datafield ind1="0" ind2=" " tag="100"><subfield code="a">Ablabius,</subfield><subfield code="c">Rhetor</subfield><subfield code="d">5. Jh. n. Chr.</subfield></datafield><datafield ind1="0" ind2=" " tag="400"><subfield code="a">Ablabius,</subfield><subfield code="c">Illustrius</subfield><subfield code="d">5. Jh. n. Chr.</subfield></datafield><datafield ind1="0" ind2=" " tag="400"><subfield code="a">Ablabius,</subfield><subfield code="c">Epigrammaticus</subfield><subfield code="d">5. Jh. n. Chr.</subfield></datafield><datafield ind1="0" ind2=" " tag="400"><subfield code="a">Ablabius,</subfield><subfield code="c">von Galatien</subfield><subfield code="d">5. Jh. n. Chr.</subfield></datafield><datafield ind1="0" ind2=" " tag="400"><subfield code="a">Ablabius,</subfield><subfield code="c">Vir Illustrissimus</subfield><subfield code="d">5. Jh. n. Chr.</subfield></datafield><datafield ind1="0" ind2=" " tag="400"><subfield code="a">Ablabius,</subfield><subfield code="c">Novatianer</subfield><subfield code="d">5. Jh. n. Chr.</subfield></datafield><datafield ind1="0" ind2=" " tag="400"><subfield code="a">Ablabius,</subfield><subfield code="c">Presbyter</subfield><subfield code="d">5. Jh. n. Chr.</subfield></datafield><datafield ind1="0" ind2=" " tag="400"><subfield code="a">Ablabius,</subfield><subfield code="c">Bischof</subfield><subfield code="d">5. Jh. n. Chr.</subfield></datafield><datafield ind1="0" ind2=" " tag="400"><subfield code="a">Ablabius,</subfield><subfield code="c">von Nicaea</subfield><subfield code="d">5. Jh. n. Chr.</subfield></datafield><datafield ind1=" " ind2=" " tag="678"><subfield code="a">AP 9.762</subfield></datafield></record>